<?xml version="1.0" encoding="UTF-8"?><record xmlns="http://www.loc.gov/MARC21/slim" xmlns:cinclude="http://apache.org/cocoon/include/1.0" xmlns:zs="http://www.loc.gov/zing/srw/">
  <leader>00697nz  a2200145n  4500</leader>
  <controlfield tag="001">no2009073687</controlfield>
  <controlfield tag="003">DLC</controlfield>
  <controlfield tag="005">20090515075533.0</controlfield>
  <controlfield tag="008">090513n| acannaabn          |n ana     c</controlfield>
  <datafield tag="010" ind1=" " ind2=" ">
    <subfield code="a">no2009073687</subfield>
  </datafield>
  <datafield tag="035" ind1=" " ind2=" ">
    <subfield code="a">(OCoLC)oca08107727</subfield>
  </datafield>
  <datafield tag="040" ind1=" " ind2=" ">
    <subfield code="a">N</subfield>
    <subfield code="b">eng</subfield>
    <subfield code="c">N</subfield>
  </datafield>
  <datafield tag="110" ind1="2" ind2=" ">
    <subfield code="a">CDH Energy Corp.</subfield>
  </datafield>
  <datafield tag="670" ind1=" " ind2=" ">
    <subfield code="a">Energy index development for benchmarking water and wastewater utilities, 2007:</subfield>
    <subfield code="b">t.p. (CDH Energy Corp.)</subfield>
  </datafield>
  <datafield tag="670" ind1=" " ind2=" ">
    <subfield code="a">CDH Energy website, viewed May 6, 2009:</subfield>
    <subfield code="b">(CDH Energy Corp. was founded in 1994 to provide energy analysis services for utilities, government labs, research organizations, building owners, and industrial clients ... offices in Cazenovia, NY, and Evansville, WI)</subfield>
    <subfield code="u">http://www.cdhenergy.com/</subfield>
  </datafield>
</record>